@INPROCEEDINGS{6382717, 
author={Cruz, L. and Lucio, D. and Velho, L.}, 
booktitle={Graphics, Patterns and Images Tutorials (SIBGRAPI-T), 2012 25th SIBGRAPI Conference on}, 
title={Kinect and RGBD Images: Challenges and Applications}, 
year={2012}, 
pages={36-49}, 
keywords={augmented reality;computer vision;data acquisition;data structures;image colour analysis;image sensors;object recognition;robots;spatial variables measurement;3D reconstruction;RGB;RGBD images;VISGRAF lab;Xbox 360;academic community;augmented reality;capturing process;colored image;data acquisition process;data representation;data structure;depth measurement;image processing;industry device;kinect images;object recognition;robotic;sensor;structured light technique;visual attributes;Accelerometers;Cameras;Games;Image color analysis;Noise;Robot sensing systems;Kinect;RGBD Images}, 
doi={10.1109/SIBGRAPI-T.2012.13},}


@inproceedings{lai2011large,
 title={A large-scale hierarchical multi-view rgb-d object dataset},
 author={Lai, Kevin and Bo, Liefeng and Ren, Xiaofeng and Fox, Dieter},
 booktitle={Robotics and Automation (ICRA), 2011 IEEE International Conference on},
 pages={1817--1824},
 year={2011},
 organization={IEEE}
}


@inproceedings{drummond1999real,
 title={Real-time Tracking of Complex Structures with On-line Camera Calibration.},
 author={Drummond, Tom and Cipolla, Roberto},
 booktitle={BMVC},
 pages={1--10},
 year={1999},
 organization={Citeseer}
}


@inproceedings{hinterstoisser2010dominant,
 title={Dominant orientation templates for real-time detection of texture-less objects},
 author={Hinterstoisser, Stefan and Lepetit, Vincent and Ilic, Slobodan and Fua, Pascal and Navab, Nassir},
 booktitle={Computer Vision and Pattern Recognition (CVPR), 2010 IEEE Conference on},
 pages={2257--2264},
 year={2010},
 organization={IEEE}
}


@inproceedings{park2011texture,
 title={Texture-less object tracking with online training using an RGB-D camera},
 author={Park, Youngmin and Lepetit, Vincent and Woo, Woontack},
 booktitle={Mixed and Augmented Reality (ISMAR), 2011 10th IEEE International Symposium on},
 pages={121--126},
 year={2011},
 organization={IEEE}
}


@inproceedings{besl1992method,
 title={Method for registration of 3-D shapes},
 author={Besl, Paul J and McKay, Neil D},
 booktitle={Robotics-DL tentative},
 pages={586--606},
 year={1992},
 organization={International Society for Optics and Photonics}
}


@article{zhang1994iterative,
 title={Iterative point matching for registration of free-form curves and surfaces},
 author={Zhang, Zhengyou},
 journal={International journal of computer vision},
 volume={13},
 number={2},
 pages={119--152},
 year={1994},
 publisher={Springer}
}


@article{Weng20061190,
title = "Video object tracking using adaptive Kalman filter ",
journal = "Journal of Visual Communication and Image Representation ",
volume = "17",
number = "6",
pages = "1190 - 1208",
year = "2006",
note = "",
issn = "1047-3203",
doi = "http://dx.doi.org/10.1016/j.jvcir.2006.03.004",
url = "http://www.sciencedirect.com/science/article/pii/S1047320306000113",
author = "Shiuh-Ku Weng and Chung-Ming Kuo and Shu-Kang Tu",
keywords = "\{HSI\} color space",
keywords = "Adaptive Kalman filter",
keywords = "Occlusion ratio "
}


@incollection{zang03,
year={2003},
isbn={978-3-540-40730-0},
booktitle={Computer Analysis of Images and Patterns},
volume={2756},
series={Lecture Notes in Computer Science},
editor={Petkov, Nicolai and Westenberg, MichelA.},
doi={10.1007/978-3-540-45179-2_25},
title={Object Classification and Tracking in Video Surveillance},
url={http://dx.doi.org/10.1007/978-3-540-45179-2_25},
publisher={Springer Berlin Heidelberg},
author={Zang, Qi and Klette, Reinhard},
pages={198-205}
}


@INPROCEEDINGS{4303678, 
author={Xia Liu and Hongxia Chu and Pingjun Li}, 
booktitle={Mechatronics and Automation, 2007. ICMA 2007. International Conference on}, 
title={Research of the Improved Camshift Tracking Algorithm}, 
year={2007}, 
pages={968-972}, 
keywords={Kalman filters;filtering theory;target tracking;Camshift tracking algorithm;Kalman filter;divergence problem;Automation;Computer science;Educational institutions;Image processing;Kalman filters;Mechatronics;Noise measurement;Predictive models;Space technology;Target tracking;Camshift algorithm;HSV space;Moving target}, 
doi={10.1109/ICMA.2007.4303678}
}


@ARTICLE{besl92icp, 
author={Besl, P.J. and McKay, Neil D.}, 
journal={Pattern Analysis and Machine Intelligence, IEEE Transactions on}, 
title={A method for registration of 3-D shapes}, 
year={1992}, 
volume={14}, 
number={2}, 
pages={239-256}, 
keywords={computational geometry;convergence of numerical methods;iterative methods;optimisation;pattern recognition;picture processing;3D shape registration;convergence;geometric entity;geometric model;iterative closest point;mean-square distance metric;pattern recognition;point set registration;Convergence;Inspection;Iterative algorithms;Iterative closest point algorithm;Iterative methods;Motion estimation;Quaternions;Shape measurement;Solid modeling;Testing}, 
doi={10.1109/34.121791}, 
ISSN={0162-8828}
}

@article{zhang94icp,
year={1994},
issn={0920-5691},
journal={International Journal of Computer Vision},
volume={13},
number={2},
doi={10.1007/BF01427149},
title={Iterative point matching for registration of free-form curves and surfaces},
url={http://dx.doi.org/10.1007/BF01427149},
publisher={Kluwer Academic Publishers},
author={Zhang, Zhengyou},
pages={119-152},
language={English}
}

@book{brunelli2009template,
  title={Template matching techniques in computer vision: theory and practice},
  author={Brunelli, Roberto},
  year={2009},
  publisher={Wiley. com}
}


@INPROCEEDINGS{korman13fast, 
author={Korman, S. and Reichman, D. and Tsur, G. and Avidan, S.}, 
booktitle={Computer Vision and Pattern Recognition (CVPR), 2013 IEEE Conference on}, 
title={FasT-Match: Fast Affine Template Matching}, 
year={2013}, 
pages={2331-2338}, 
keywords={affine transforms;image matching;tree searching;2D affine transformations;FasT-match;branch-and-bound scheme;fast affine template matching;image smoothness;sublinear algorithm;sum-of-absolute-differences error measure;Accuracy;Approximation algorithms;Approximation methods;Computer vision;Feature extraction;Gray-scale;Image matching}, 
doi={10.1109/CVPR.2013.302}, 
ISSN={1063-6919}
}

@inproceedings{segal2009generalized,
  title={Generalized-ICP.},
  author={Segal, Aleksandr and Haehnel, Dirk and Thrun, Sebastian},
  booktitle={Robotics: Science and Systems},
  volume={2},
  pages={4},
  year={2009}
}

@incollection{estepar2004robust,
  title={Robust generalized total least squares iterative closest point registration},
  author={Est{\'e}par, Ra{\'u}l San Jos{\'e} and Brun, Anders and Westin, Carl-Fredrik},
  booktitle={Medical Image Computing and Computer-Assisted Intervention--MICCAI 2004},
  pages={234--241},
  year={2004},
  publisher={Springer}
}

@misc{welch1995introduction,
  title={An introduction to the Kalman filter},
  author={Welch, Greg and Bishop, Gary},
  year={1995}
}

@inproceedings{julier1997new,
  title={New extension of the Kalman filter to nonlinear systems},
  author={Julier, Simon J and Uhlmann, Jeffrey K},
  booktitle={AeroSense'97},
  pages={182--193},
  year={1997},
  organization={International Society for Optics and Photonics}
}

@inproceedings{wan2000unscented,
  title={The unscented Kalman filter for nonlinear estimation},
  author={Wan, Eric A and Van Der Merwe, Rudolph},
  booktitle={Adaptive Systems for Signal Processing, Communications, and Control Symposium 2000. AS-SPCC. The IEEE 2000},
  pages={153--158},
  year={2000},
  organization={IEEE}
}